<record xmlns="http://www.loc.gov/MARC21/slim" xmlns:xsi="http://www.w3.org/2001/XMLSchema-instance" xsi:schemaLocation="http://www.loc.gov/MARC21/slim http://www.loc.gov/standards/marcxml/schema/MARC21slim.xsd"><leader>02390nam a2200409   4500</leader><controlfield tag="001">001685703</controlfield><controlfield tag="003">NNU</controlfield><controlfield tag="006">m        d        </controlfield><controlfield tag="007">cr cn |||m|||a</controlfield><controlfield tag="008">140707s1930    sy      ob    000 0cara d</controlfield><datafield ind1=" " ind2=" " tag="040"><subfield code="a">NNU</subfield><subfield code="b">eng</subfield><subfield code="c">NNU</subfield></datafield><datafield ind1=" " ind2=" " tag="066"><subfield code="c">(3</subfield></datafield><datafield ind1=" " ind2=" " tag="090"><subfield code="a">PJ7620</subfield><subfield code="b">.B3 1930</subfield></datafield><datafield ind1="1" ind2=" " tag="100"><subfield code="6">880-01</subfield><subfield code="a">B&#257;kharz&#299;, &#699;Al&#299; ibn al-&#7716;asan,</subfield><subfield code="d">d. 1075</subfield></datafield><datafield ind1="1" ind2="0" tag="245"><subfield code="6">880-02</subfield><subfield code="a">Dumyat al-qa&#7779;r wa-&#699;u&#7779;rat ahl al-&#699;a&#7779;r</subfield><subfield code="h">[electronic resource] /</subfield><subfield code="c">li-Ab&#299; al-&#7716;asan &#699;Al&#299; ibn al-&#7716;asan al-B&#257;kharz&#299; ; &#7789;aba&#699;ahu wa-&#7779;a&#7717;&#7717;a&#7717;ahu Mu&#7717;ammad R&#257;ghib al-&#7788;abb&#257;kh. Wa-yal&#299;hi multaqa&#7789;&#257;t min d&#299;w&#257;nih.</subfield></datafield><datafield ind1=" " ind2=" " tag="250"><subfield code="6">880-03</subfield><subfield code="a">al-&#7788;ab&#699;ah 1.</subfield></datafield><datafield ind1=" " ind2=" " tag="260"><subfield code="6">880-04</subfield><subfield code="a">&#7716;alab :</subfield><subfield code="b">al-Ma&#7789;ba&#699;ah al-&#699;Ilm&#299;yah,</subfield><subfield code="c">1930.</subfield></datafield><datafield ind1=" " ind2=" " tag="300"><subfield code="a">online resource ([3], 316, 54, 9 p.)</subfield></datafield><datafield ind1=" " ind2=" " tag="500"><subfield code="a">"al-Multaqa&#7789; min diw&#257;n Ab&#299; al-&#7716;asan al-B&#257;kharz&#299; al-muthbat qabla Dumyat al-qa&#7779;r f&#299; al-nuskhah al-mawj&#363;dah f&#299; Maktabat al-Madrasah al-A&#7717;mad&#299;yah bi-mad&#299;nat &#7716;alab" (p. 54, 3rd group)</subfield></datafield><datafield ind1=" " ind2=" " tag="500"><subfield code="a">Part of the Arabic Collections Online (ACO) project, contributed by New York Univeristy Libraries.</subfield></datafield><datafield ind1=" " ind2=" " tag="504"><subfield code="a">Includes bibliographical references.</subfield></datafield><datafield ind1=" " ind2=" " tag="533"><subfield code="a">Electronic reproduction.</subfield><subfield code="b">New York, N.Y. :</subfield><subfield code="c">New York University,</subfield><subfield code="d">2014.</subfield><subfield code="5">NNU</subfield></datafield><datafield ind1=" " ind2="0" tag="650"><subfield code="a">Poets, Arab</subfield><subfield code="v">Biography.</subfield></datafield><datafield ind1=" " ind2="0" tag="650"><subfield code="a">Arabic poetry</subfield><subfield code="y">750-1258.</subfield></datafield><datafield ind1="1" ind2="2" tag="700"><subfield code="6">880-05</subfield><subfield code="a">B&#257;kharz&#299;, &#699;Al&#299; ibn al-&#7716;asan,</subfield><subfield code="d">d. 1075</subfield><subfield code="t">Poems.</subfield><subfield code="k">Selections.</subfield><subfield code="f">1930.</subfield></datafield><datafield ind1="1" ind2=" " tag="700"><subfield code="6">880-06</subfield><subfield code="a">&#7788;abb&#257;kh, Mu&#7717;ammad R&#257;ghib,</subfield><subfield code="d">1877-1951.</subfield></datafield><datafield ind1="2" ind2=" " tag="710"><subfield code="a">New York University.</subfield><subfield code="b">Libraries.</subfield></datafield><datafield ind1="0" ind2=" " tag="730"><subfield code="a">Arabic Collections Online.</subfield></datafield><datafield ind1="0" ind2="8" tag="776"><subfield code="i">Print version:</subfield><subfield code="a">B&#257;kharz&#299;, &#699;Al&#299; ibn al-&#7716;asan, d. 1075 880-01</subfield><subfield code="t">Dumyat al-qa&#7779;r wa-&#699;u&#7779;rat ahl al-&#699;a&#7779;r</subfield><subfield code="w">(NNU)001685703</subfield></datafield><datafield ind1="4" ind2="0" tag="856"><subfield code="u">http://hdl.handle.net/2333.1/hhmgqqd6</subfield></datafield><datafield ind1="1" ind2=" " tag="880"><subfield code="6">100-01/</subfield><subfield code="a">&#1576;&#1575;&#1582;&#1585;&#1586;&#1610;&#1548; &#1593;&#1604;&#1610; &#1576;&#1606; &#1575;&#1604;&#1581;&#1587;&#1606;.</subfield></datafield><datafield ind1="1" ind2="0" tag="880"><subfield code="6">245-02/</subfield><subfield code="a">&#1583;&#1605;&#1610;&#1577; &#1575;&#1604;&#1602;&#1589;&#1585; &#1608;&#1593;&#1589;&#1585;&#1577; &#1571;&#1607;&#1604; &#1575;&#1604;&#1593;&#1589;&#1585; /</subfield><subfield code="c">&#1604;&#1571;&#1576;&#1610; &#1575;&#1604;&#1581;&#1587;&#1606; &#1593;&#1604;&#1610; &#1576;&#1606; &#1575;&#1604;&#1581;&#1587;&#1606; &#1575;&#1604;&#1576;&#1575;&#1582;&#1585;&#1586;&#1610; &#1563; &#1591;&#1576;&#1593;&#1607; &#1608;&#1589;&#1581;&#1581;&#1607; &#1605;&#1581;&#1605;&#1583; &#1585;&#1575;&#1594;&#1576; &#1575;&#1604;&#1591;&#1576;&#1575;&#1582;. &#1608;&#1610;&#1604;&#1610;&#1607; &#1605;&#1604;&#1578;&#1602;&#1591;&#1575;&#1578; &#1605;&#1606; &#1583;&#1610;&#1608;&#1575;&#1606;&#1607;.</subfield></datafield><datafield ind1=" " ind2=" " tag="880"><subfield code="6">250-03/</subfield><subfield code="a">&#1575;&#1604;&#1591;&#1576;&#1593;&#1577; 1.</subfield></datafield><datafield ind1=" " ind2=" " tag="880"><subfield code="6">260-04/</subfield><subfield code="a">&#1581;&#1604;&#1576; :</subfield><subfield code="b">&#1575;&#1604;&#1605;&#1591;&#1576;&#1593;&#1577; &#1575;&#1604;&#1593;&#1604;&#1605;&#1610;&#1577;&#1548;</subfield><subfield code="c">1930.</subfield></datafield><datafield ind1="1" ind2="2" tag="880"><subfield code="6">700-05/</subfield><subfield code="a">&#1576;&#1575;&#1582;&#1585;&#1586;&#1610;&#1548; &#1593;&#1604;&#1610; &#1576;&#1606; &#1575;&#1604;&#1581;&#1587;&#1606;.</subfield><subfield code="t">&#1602;&#1589;&#1575;&#1574;&#1583;.</subfield><subfield code="k">&#1605;&#1582;&#1578;&#1575;&#1585;&#1575;&#1578;.</subfield><subfield code="f">1930.</subfield></datafield><datafield ind1="1" ind2=" " tag="880"><subfield code="6">700-06/</subfield><subfield code="a">&#1591;&#1576;&#1575;&#1582;&#1548; &#1605;&#1581;&#1605;&#1583; &#1585;&#1575;&#1594;&#1576;.</subfield></datafield><datafield ind1=" " ind2=" " tag="959"><subfield code="a">NNU</subfield><subfield code="b">WEB</subfield><subfield code="c">GENI</subfield><subfield code="t">0</subfield><subfield code="m">Electronic access</subfield><subfield code="s">01</subfield></datafield></record>